110049150026101157911706061706062000000000000009783GROUP SUPECO MAXOR  
22    1500170606170605121271000000000569000002704487            CARGO BOLETA    
22    1500170606170605121271000000000464210002704487            CARGO BOLETA    
22    1500170606170605121271000000000410070002704487            CARGO BOLETA          
22    1500170606170605121252000000007107340002704735                            
22    1500170606170605172051000000000014650002704735                            
22    1500170606170605121252000000019463120002705340                            
22    1500170606170605172051000000000037340002705340                            
22    1500170606170604121252000000000016700003080156                            
22    1500170606170605121252000000001934270003080156                            
22    1500170606170604172051000000000000140003080156                            
22    1500170606170605172051000000000008430003080156                                            
22    1500170606170605121252000000000108130002704491000088448178                
22    1500170606170605121252000000000118580002704491000088448136                
22    1500170606170605172051000000000000210002704491000088448178                
22    1500170606170605172051000000000000230002704491000088448136                
3300491500261011579100009000000001504280000600000002874814200000002724386978    
88999999999999999999000017                                                      
               