0000029071700005        46390589  JAGI  concept BVBA        KREDBEBB   0675354481  00000                                       2
10059735047736314 EUR BE   0030000        0000000000000000280717JAGI  concept BVBA                                           059
2100010000                     1000000001703130280717001170000VIREMENT  BE94735047736314CENTRALISATION FINANCIERE  31071705901 0
2300010000310152348185                                                                                                       0 0
21000200003080461201707280001  00000000016732302807170015000003080461-003 MAE 280717                               31071705901 0
2200020000BRUT:  000000000167615  COM:  000000000000292                                                                      0 0
21000300003080461201707280002  00000000000219402807170015000003080461-001 MC  280717                               31071705901 0
2200030000BRUT:  000000000002198  COM:  000000000000004                                                                      0 0
21000400003080461201707280003  00000000000079602807170015000003080461-002 VIS 280717                               31071705901 0
2200040000BRUT:  000000000000797  COM:  000000000000001                                                                      0 0
8059735047736314 EUR BE   0030000        0000000000000000290717                                                                0
9               000010000000001703130000000001703130                                                                           2
0000029071700005        46390589  Fradi Express BVBA        KREDBEBB   0675631922  00000                                       2
10059735046031538 EUR BE   0030000        0000000000000000280717Fradi Express BVBA                                           059
2100010000                     1000000004090760280717001170000VIREMENT  BE24735046031538CENTRALISATION FINANCIERE  31071705901 0
2300010000310152348185                                                                                                       0 0
21000200003080462201707280001  00000000040363502807170015000003080462-003 MAE 280717                               31071705901 0
2200020000BRUT:  000000000404451  COM:  000000000000816                                                                      0 0
21000300003080462201707280002  00000000000521902807170015000003080462-001 MC  280717                               31071705901 0
2200030000BRUT:  000000000005264  COM:  000000000000045                                                                      0 0
21000400003080462201707280003  00000000000022202807170015000003080462-002 VIS 280717                               31071705901 0
2200040000BRUT:  000000000000228  COM:  000000000000006                                                                      0 0
8059735046031538 EUR BE   0030000        0000000000000000290717                                                                0
9               000010000000004090760000000004090760                                                                           2
0000029071700005        46390589  BRUGGE RETAIL  NV         GEBABEBB   0893621903  00000                                       2
10038001810872788 EUR BE   0030000        0000000000000000280717BRUGGE RETAIL  NV                                            038
2100010000                     1000000097394430280717001170000VIREMENT  BE56001810872788CENTRALISATION FINANCIERE  31071703801 0
2300010000310152348185                                                                                                       0 0
21000200003080460201707280001  00000000866330902807170015000003080460-003 MAE 280717                               31071703801 0
2200020000BRUT:  000000008674471  COM:  000000000011162                                                                      0 0
21000300003080460201707280002  00000000071210102807170015000003080460-001 MC  280717                               31071703801 0
2200030000BRUT:  000000000713675  COM:  000000000001574                                                                      0 0
21000400003080460201707280003  00000000036403302807170015000003080460-002 VIS 280717                               31071703801 0
2200040000BRUT:  000000000365097  COM:  000000000001064                                                                      0 0
8038001810872788 EUR BE   0030000        0000000000000000290717                                                                0
9               000010000000097394430000000097394430                                                                           2
0000029071700005        46390589  BOBAL NV                  GEBABEBB   0674685280  00000                                       2
10044001811724772 EUR BE   0030000        0000000000000000280717BOBAL NV                                                     044
2100010000                     1000000011396830280717001170000VIREMENT  BE38001811724772CENTRALISATION FINANCIERE  31071704401 0
2300010000310152348185                                                                                                       0 0
21000200003080501201707280001  00000000110147202807170015000003080501-003 MAE 280717                               31071704401 0
2200020000BRUT:  000000001103443  COM:  000000000001971                                                                      0 0
21000300003080501201707280002  00000000000961402807170015000003080501-001 MC  280717                               31071704401 0
2200030000BRUT:  000000000009638  COM:  000000000000024                                                                      0 0
21000400003080501201707280003  00000000002859702807170015000003080501-002 VIS 280717                               31071704401 0
2200040000BRUT:  000000000028646  COM:  000000000000049                                                                      0 0
8044001811724772 EUR BE   0030000        0000000000000000290717                                                                0
9               000010000000011396830000000011396830                                                                           2
0000029071700005        46390589  BvBa Zoelse Express       BBRUBEBB   0676607266  00000                                       2
10029363063710145 EUR BE   0030000        0000000000000000270717BvBa Zoelse Express                                          029
2100010000                     1000000002799520280717001170000VIREMENT  BE44363063710145CENTRALISATION FINANCIERE  31071702901 0
2300010000310152348185                                                                                                       0 0
21000200003080502201707280001  00000000027995202807170015000003080502-003 MAE 280717                               31071702901 0
2200020000BRUT:  000000000280458  COM:  000000000000506                                                                      0 0
8029363063710145 EUR BE   0030000        0000000000000000290717                                                                0
9               000006000000002799520000000002799520                                                                           2
0000029071700005        46390589  Express Odon Warlant sprl KREDBEBB   0674486629  00000                                       2
10028739014622749 EUR BE   0030000        0000000000000000280717Express Odon Warlant sprl                                    028
2100010000                     1000000001487510280717001170000VIREMENT  BE97739014622749CENTRALISATION FINANCIERE  31071702801 0
2300010000310152348185                                                                                                       0 0
21000200003080503201707280001  00000000014221402807170015000003080503-003 MAE 280717                               31071702801 0
2200020000BRUT:  000000000142472  COM:  000000000000258                                                                      0 0
21000300003080503201707280002  00000000000082902807170015000003080503-001 MC  280717                               31071702801 0
2200030000BRUT:  000000000000837  COM:  000000000000008                                                                      0 0
21000400003080503201707280003  00000000000570802807170015000003080503-002 VIS 280717                               31071702801 0
2200040000BRUT:  000000000005737  COM:  000000000000029                                                                      0 0
8028739014622749 EUR BE   0030000        0000000000000000290717                                                                0
9               000010000000001487510000000001487510                                                                           2
0000029071700005        46390589  ASERCAN SPRL              BBRUBEBB   0674844044  00000                                       2
10025363066382190 EUR BE   0030000        0000000000000000280717ASERCAN SPRL                                                 025
2100010000                     1000000002263060280717001170000VIREMENT  BE34363066382190CENTRALISATION FINANCIERE  31071702501 0
2300010000310152348185                                                                                                       0 0
21000200003080504201707280001  00000000020868402807170015000003080504-003 MAE 280717                               31071702501 0
2200020000BRUT:  000000000209085  COM:  000000000000401                                                                      0 0
21000300003080504201707280002  00000000000989402807170015000003080504-001 MC  280717                               31071702501 0
2200030000BRUT:  000000000009962  COM:  000000000000068                                                                      0 0
21000400003080504201707280003  00000000000772802807170015000003080504-002 VIS 280717                               31071702501 0
2200040000BRUT:  000000000007794  COM:  000000000000066                                                                      0 0
8025363066382190 EUR BE   0030000        0000000000000000290717                                                                0
9               000010000000002263060000000002263060                                                                           2
0000029071700005        46390589  SALVATO SPRL              BBRUBEBB   0632831364  00000                                       2
10029363149571515 EUR BE   0030000        0000000000000000280717SALVATO SPRL                                                 029
2100010000                     1000000002262580280717001170000VIREMENT  BE83363149571515CENTRALISATION FINANCIERE  31071702901 0
2300010000310152348185                                                                                                       0 0
21000200003080505201707280001  00000000021889702807170015000003080505-003 MAE 280717                               31071702901 0
2200020000BRUT:  000000000219280  COM:  000000000000383                                                                      0 0
21000300003080505201707280002  00000000000660702807170015000003080505-001 MC  280717                               31071702901 0
2200030000BRUT:  000000000006627  COM:  000000000000020                                                                      0 0
21000400003080505201707280003  00000000000075402807170015000003080505-002 VIS 280717                               31071702901 0
2200040000BRUT:  000000000000761  COM:  000000000000007                                                                      0 0
8029363149571515 EUR BE   0030000        0000000000000000290717                                                                0
9               000010000000002262580000000002262580                                                                           2
0000029071700005        46390589  BVBA L&B EXPRESS OLEN     NICABEBB   0676441772  00000                                       2
10028103050025190 EUR BE   0030000        0000000000000000280717BVBA L&B EXPRESS OLEN                                        028
2100010000                     1000000001802440280717001170000VIREMENT  BE34103050025190CENTRALISATION FINANCIERE  31071702801 0
2300010000310152348185                                                                                                       0 0
21000200003080522201707280001  00000000018024402807170015000003080522-003 MAE 280717                               31071702801 0
2200020000BRUT:  000000000180560  COM:  000000000000316                                                                      0 0
8028103050025190 EUR BE   0030000        0000000000000000290717                                                                0
9               000006000000001802440000000001802440                                                                           2
0000029071700005        46390589  SPRL KARIANI              BBRUBEBB   0898914242  00000                                       2
10017363035290054 EUR BE   0030000        0000000000000000280717SPRL KARIANI                                                 017
2100010000                     1000000010236600280717001170000VIREMENT  BE42363035290054CENTRALISATION FINANCIERE  31071701701 0
2300010000310152348185                                                                                                       0 0
21000200003080546201707280001  00000000098036702807170015000003080546-003 MAE 280717                               31071701701 0
2200020000BRUT:  000000000982100  COM:  000000000001733                                                                      0 0
21000300003080546201707280002  00000000000654002807170015000003080546-001 MC  280717                               31071701701 0
2200030000BRUT:  000000000006552  COM:  000000000000012                                                                      0 0
21000400003080546201707280003  00000000003675302807170015000003080546-002 VIS 280717                               31071701701 0
2200040000BRUT:  000000000036853  COM:  000000000000100                                                                      0 0
8017363035290054 EUR BE   0030000        0000000000000000290717                                                                0
9               000010000000010236600000000010236600                                                                           2
0000029071700005        46390589  CARREFOUR BELGIUM SA      GEBABEBB   00448826918 00000                                       2
10152001804406730 EUR BE   0030000        0000000000000000280717CARREFOUR BELGIUM SA                                         152
2100010000                     1000006007243160290717001170000VIREMENT  BE15001804406730CENTRALISATION FINANCIERE  31071715201 0
2300010000310152348185                                                                                                       0 0
21000200003080035201707280001  00000000460872702807170015000003080035-003 MAE 280717                               31071715201 0
2200020000BRUT:  000000004614314  COM:  000000000005587                                                                      0 0
21000300003080035201707280002  00000000020184202807170015000003080035-001 MC  280717                               31071715201 0
2200030000BRUT:  000000000202454  COM:  000000000000612                                                                      0 0
21000400003080035201707280003  00000000036991502807170015000003080035-002 VIS 280717                               31071715201 0
2200040000BRUT:  000000000371254  COM:  000000000001339                                                                      0 0
21000500003080036201707290001  00000001003117402807170015000003080036-003 MAE 280717                               31071715201 0
2200050000BRUT:  000000010043242  COM:  000000000012068                                                                      0 0
21000600003080036201707280001  00000000041371802807170015000003080036-001 MC  280717                               31071715201 0
2200060000BRUT:  000000000414285  COM:  000000000000567                                                                      0 0
21000700003080036201707280002  00000000049807402807170015000003080036-002 VIS 280717                               31071715201 0
2200070000BRUT:  000000000499012  COM:  000000000000938                                                                      0 0
21000800003080037201707290001  00000000932391302807170015000003080037-003 MAE 280717                               31071715201 0
2200080000BRUT:  000000009335118  COM:  000000000011205                                                                      0 0
21000900003080037201707290002  00000000041799502807170015000003080037-001 MC  280717                               31071715201 0
2200090000BRUT:  000000000418984  COM:  000000000000989                                                                      0 0
21001000003080037201707280001  00000000049434802807170015000003080037-002 VIS 280717                               31071715201 0
2200100000BRUT:  000000000495684  COM:  000000000001336                                                                      0 0
21001100003080268201707290001  00000000560660802807170015000003080268-003 MAE 280717                               31071715201 0
2200110000BRUT:  000000005613397  COM:  000000000006789                                                                      0 0
21001200003080268201707280001  00000000050716702807170015000003080268-001 MC  280717                               31071715201 0
2200120000BRUT:  000000000508568  COM:  000000000001401                                                                      0 0
21001300003080268201707290001  00000000169633602807170015000003080268-002 VIS 280717                               31071715201 0
2200130000BRUT:  000000001702846  COM:  000000000006510                                                                      0 0
21001400003080269201707290001  00000000870557802807170015000003080269-003 MAE 280717                               31071715201 0
2200140000BRUT:  000000008716743  COM:  000000000011165                                                                      0 0
21001500003080269201707280001  00000000046044102807170015000003080269-001 MC  280717                               31071715201 0
2200150000BRUT:  000000000461633  COM:  000000000001192                                                                      0 0
21001600003080269201707280002  00000000097034902807170015000003080269-002 VIS 280717                               31071715201 0
2200160000BRUT:  000000000973069  COM:  000000000002720                                                                      0 0
21001700003080270201707280001  00000000965907002807170015000003080270-003 MAE 280717                               31071715201 0
2200170000BRUT:  000000009672403  COM:  000000000013333                                                                      0 0
21001800003080270201707280002  00000000026333902807170015000003080270-001 MC  280717                               31071715201 0
2200180000BRUT:  000000000263882  COM:  000000000000543                                                                      0 0
21001900003080270201707280003  00000000030749102807170015000003080270-002 VIS 280717                               31071715201 0
2200190000BRUT:  000000000308173  COM:  000000000000682                                                                      0 0
21002000003080271201707290001  00000001328234002807170015000003080271-003 MAE 280717                               31071715201 0
2200200000BRUT:  000000013298195  COM:  000000000015855                                                                      0 0
21002100003080271201707280001  00000000057935002807170015000003080271-001 MC  280717                               31071715201 0
2200210000BRUT:  000000000580896  COM:  000000000001546                                                                      0 0
21002200003080271201707280002  00000000121713602807170015000003080271-002 VIS 280717                               31071715201 0
2200220000BRUT:  000000001221026  COM:  000000000003890                                                                      0 0
21002300003080272201707280001  00000001492681302807170015000003080272-003 MAE 280717                               31071715201 0
2200230000BRUT:  000000014944813  COM:  000000000018000                                                                      0 0
21002400003080272201707280002  00000000054051202807170015000003080272-001 MC  280717                               31071715201 0
2200240000BRUT:  000000000541206  COM:  000000000000694                                                                      0 0
21002500003080272201707280003  00000000070597602807170015000003080272-002 VIS 280717                               31071715201 0
2200250000BRUT:  000000000706917  COM:  000000000000941                                                                      0 0
21002600003080273201707290001  00000001072981102807170015000003080273-003 MAE 280717                               31071715201 0
2200260000BRUT:  000000010742865  COM:  000000000013054                                                                      0 0
21002700003080273201707280001  00000000060515502807170015000003080273-001 MC  280717                               31071715201 0
2200270000BRUT:  000000000606445  COM:  000000000001290                                                                      0 0
21002800003080273201707290001  00000000090099602807170015000003080273-002 VIS 280717                               31071715201 0
2200280000BRUT:  000000000903110  COM:  000000000002114                                                                      0 0
21002900003080274201707290001  00000001330315002807170015000003080274-003 MAE 280717                               31071715201 0
2200290000BRUT:  000000013319101  COM:  000000000015951                                                                      0 0
21003000003080274201707280001  00000000045083702807170015000003080274-001 MC  280717                               31071715201 0
2200300000BRUT:  000000000451409  COM:  000000000000572                                                                      0 0
21003100003080274201707280002  00000000057563502807170015000003080274-002 VIS 280717                               31071715201 0
2200310000BRUT:  000000000576586  COM:  000000000000951                                                                      0 0
21003200003080275201707290001  00000001083432502807170015000003080275-003 MAE 280717                               31071715201 0
2200320000BRUT:  000000010847363  COM:  000000000013038                                                                      0 0
21003300003080275201707280001  00000000031543602807170015000003080275-001 MC  280717                               31071715201 0
2200330000BRUT:  000000000315948  COM:  000000000000512                                                                      0 0
21003400003080275201707280002  00000000045864602807170015000003080275-002 VIS 280717                               31071715201 0
2200340000BRUT:  000000000459392  COM:  000000000000746                                                                      0 0
21003500003080276201707290001  00000001344828402807170015000003080276-003 MAE 280717                               31071715201 0
2200350000BRUT:  000000013464503  COM:  000000000016219                                                                      0 0
21003600003080276201707290002  00000000030599102807170015000003080276-001 MC  280717                               31071715201 0
2200360000BRUT:  000000000306489  COM:  000000000000498                                                                      0 0
21003700003080276201707280001  00000000071013602807170015000003080276-002 VIS 280717                               31071715201 0
2200370000BRUT:  000000000711459  COM:  000000000001323                                                                      0 0
21003800003080277201707280001  00000001340848302807170015000003080277-003 MAE 280717                               31071715201 0
2200380000BRUT:  000000013424811  COM:  000000000016328                                                                      0 0
21003900003080277201707290001  00000000057230202807170015000003080277-001 MC  280717                               31071715201 0
2200390000BRUT:  000000000573091  COM:  000000000000789                                                                      0 0
21004000003080277201707280001  00000000033713302807170015000003080277-002 VIS 280717                               31071715201 0
2200400000BRUT:  000000000337589  COM:  000000000000456                                                                      0 0
21004100003080278201707290001  00000001605140502807170015000003080278-003 MAE 280717                               31071715201 0
2200410000BRUT:  000000016070771  COM:  000000000019366                                                                      0 0
21004200003080278201707280001  00000000105405602807170015000003080278-001 MC  280717                               31071715201 0
2200420000BRUT:  000000001055875  COM:  000000000001819                                                                      0 0
21004300003080278201707280002  00000000108328502807170015000003080278-002 VIS 280717                               31071715201 0
2200430000BRUT:  000000001085684  COM:  000000000002399                                                                      0 0
21004400003080280201707290001  00000000822519502807170015000003080280-003 MAE 280717                               31071715201 0
2200440000BRUT:  000000008235088  COM:  000000000009893                                                                      0 0
21004500003080280201707280001  00000000018884502807170015000003080280-001 MC  280717                               31071715201 0
2200450000BRUT:  000000000189118  COM:  000000000000273                                                                      0 0
21004600003080280201707280002  00000000032958202807170015000003080280-002 VIS 280717                               31071715201 0
2200460000BRUT:  000000000330083  COM:  000000000000501                                                                      0 0
21004700003080281201707290001  00000000361298002807170015000003080281-003 MAE 280717                               31071715201 0
2200470000BRUT:  000000003617627  COM:  000000000004647                                                                      0 0
21004800003080281201707280001  00000000009347502807170015000003080281-001 MC  280717                               31071715201 0
2200480000BRUT:  000000000093685  COM:  000000000000210                                                                      0 0
21004900003080281201707280002  00000000007654402807170015000003080281-002 VIS 280717                               31071715201 0
2200490000BRUT:  000000000076673  COM:  000000000000129                                                                      0 0
21005000003080282201707280001  00000000915571502807170015000003080282-003 MAE 280717                               31071715201 0
2200500000BRUT:  000000009166654  COM:  000000000010939                                                                      0 0
21005100003080282201707280002  00000000018750202807170015000003080282-001 MC  280717                               31071715201 0
2200510000BRUT:  000000000187771  COM:  000000000000269                                                                      0 0
21005200003080282201707280003  00000000026377102807170015000003080282-002 VIS 280717                               31071715201 0
2200520000BRUT:  000000000264102  COM:  000000000000331                                                                      0 0
21005300003080283201707280001  00000000527049302807170015000003080283-003 MAE 280717                               31071715201 0
2200530000BRUT:  000000005276803  COM:  000000000006310                                                                      0 0
21005400003080283201707280002  00000000009176202807170015000003080283-001 MC  280717                               31071715201 0
2200540000BRUT:  000000000091907  COM:  000000000000145                                                                      0 0
21005500003080283201707280003  00000000008919402807170015000003080283-002 VIS 280717                               31071715201 0
2200550000BRUT:  000000000089322  COM:  000000000000128                                                                      0 0
21005600003080284201707280001  00000000814496402807170015000003080284-003 MAE 280717                               31071715201 0
2200560000BRUT:  000000008154747  COM:  000000000009783                                                                      0 0
21005700003080284201707280002  00000000035299502807170015000003080284-001 MC  280717                               31071715201 0
2200570000BRUT:  000000000353632  COM:  000000000000637                                                                      0 0
21005800003080284201707280003  00000000041211902807170015000003080284-002 VIS 280717                               31071715201 0
2200580000BRUT:  000000000412909  COM:  000000000000790                                                                      0 0
21005900003080285201707280001  00000001139203102807170015000003080285-003 MAE 280717                               31071715201 0
2200590000BRUT:  000000011405912  COM:  000000000013881                                                                      0 0
21006000003080285201707280002  00000000043430002807170015000003080285-001 MC  280717                               31071715201 0
2200600000BRUT:  000000000435016  COM:  000000000000716                                                                      0 0
21006100003080285201707280003  00000000052019502807170015000003080285-002 VIS 280717                               31071715201 0
2200610000BRUT:  000000000521027  COM:  000000000000832                                                                      0 0
21006200003080286201707290001  00000001681650302807170015000003080286-003 MAE 280717                               31071715201 0
2200620000BRUT:  000000016836658  COM:  000000000020155                                                                      0 0
21006300003080286201707280001  00000000094616302807170015000003080286-001 MC  280717                               31071715201 0
2200630000BRUT:  000000000948049  COM:  000000000001886                                                                      0 0
21006400003080286201707280002  00000000110255202807170015000003080286-002 VIS 280717                               31071715201 0
2200640000BRUT:  000000001105339  COM:  000000000002787                                                                      0 0
21006500003080287201707280001  00000000549559702807170015000003080287-003 MAE 280717                               31071715201 0
2200650000BRUT:  000000005502464  COM:  000000000006867                                                                      0 0
21006600003080287201707280002  00000000015768402807170015000003080287-001 MC  280717                               31071715201 0
2200660000BRUT:  000000000157997  COM:  000000000000313                                                                      0 0
21006700003080287201707290001  00000000032043202807170015000003080287-002 VIS 280717                               31071715201 0
2200670000BRUT:  000000000321369  COM:  000000000000937                                                                      0 0
21006800003080288201707290001  00000000931358502807170015000003080288-003 MAE 280717                               31071715201 0
2200680000BRUT:  000000009324972  COM:  000000000011387                                                                      0 0
21006900003080288201707280001  00000000032060902807170015000003080288-001 MC  280717                               31071715201 0
2200690000BRUT:  000000000321039  COM:  000000000000430                                                                      0 0
21007000003080288201707280002  00000000036509502807170015000003080288-002 VIS 280717                               31071715201 0
2200700000BRUT:  000000000365591  COM:  000000000000496                                                                      0 0
21007100003080289201707290001  00000000850293202807170015000003080289-003 MAE 280717                               31071715201 0
2200710000BRUT:  000000008513266  COM:  000000000010334                                                                      0 0
21007200003080289201707280001  00000000028874102807170015000003080289-001 MC  280717                               31071715201 0
2200720000BRUT:  000000000289133  COM:  000000000000392                                                                      0 0
21007300003080289201707280002  00000000024325102807170015000003080289-002 VIS 280717                               31071715201 0
2200730000BRUT:  000000000243550  COM:  000000000000299                                                                      0 0
21007400003080290201707290001  00000000806350402807170015000003080290-003 MAE 280717                               31071715201 0
2200740000BRUT:  000000008073243  COM:  000000000009739                                                                      0 0
21007500003080290201707280001  00000000013223302807170015000003080290-001 MC  280717                               31071715201 0
2200750000BRUT:  000000000132414  COM:  000000000000181                                                                      0 0
21007600003080290201707280002  00000000021461402807170015000003080290-002 VIS 280717                               31071715201 0
2200760000BRUT:  000000000214952  COM:  000000000000338                                                                      0 0
21007700003080291201707290001  00000000831455902807170015000003080291-003 MAE 280717                               31071715201 0
2200770000BRUT:  000000008324515  COM:  000000000009956                                                                      0 0
21007800003080291201707280001  00000000029797002807170015000003080291-001 MC  280717                               31071715201 0
2200780000BRUT:  000000000298338  COM:  000000000000368                                                                      0 0
21007900003080291201707280002  00000000040977602807170015000003080291-002 VIS 280717                               31071715201 0
2200790000BRUT:  000000000410425  COM:  000000000000649                                                                      0 0
21008000003080292201707280001  00000001246948702807170015000003080292-003 MAE 280717                               31071715201 0
2200800000BRUT:  000000012484509  COM:  000000000015022                                                                      0 0
21008100003080292201707280002  00000000064239202807170015000003080292-001 MC  280717                               31071715201 0
2200810000BRUT:  000000000643516  COM:  000000000001124                                                                      0 0
21008200003080292201707280003  00000000064524802807170015000003080292-002 VIS 280717                               31071715201 0
2200820000BRUT:  000000000646286  COM:  000000000001038                                                                      0 0
21008300003080293201707280001  00000000002444902707170015000003080293-003 MAE 270717                               31071715201 0
2200830000BRUT:  000000000024478  COM:  000000000000029                                                                      0 0
21008400003080293201707280002  00000000960427602807170015000003080293-003 MAE 280717                               31071715201 0
2200840000BRUT:  000000009615737  COM:  000000000011461                                                                      0 0
21008500003080293201707280003  00000000025496202807170015000003080293-001 MC  280717                               31071715201 0
2200850000BRUT:  000000000255440  COM:  000000000000478                                                                      0 0
21008600003080293201707280004  00000000031614302807170015000003080293-002 VIS 280717                               31071715201 0
2200860000BRUT:  000000000316757  COM:  000000000000614                                                                      0 0
21008700003080294201707290001  00000001324307702807170015000003080294-003 MAE 280717                               31071715201 0
2200870000BRUT:  000000013260150  COM:  000000000017073                                                                      0 0
21008800003080294201707280001  00000000052874002807170015000003080294-001 MC  280717                               31071715201 0
2200880000BRUT:  000000000529679  COM:  000000000000939                                                                      0 0
21008900003080294201707280002  00000000048909802807170015000003080294-002 VIS 280717                               31071715201 0
2200890000BRUT:  000000000489927  COM:  000000000000829                                                                      0 0
21009000003080295201707290001  00000001448382902807170015000003080295-003 MAE 280717                               31071715201 0
2200900000BRUT:  000000014501161  COM:  000000000017332                                                                      0 0
21009100003080295201707280001  00000000055733402807170015000003080295-001 MC  280717                               31071715201 0
2200910000BRUT:  000000000558300  COM:  000000000000966                                                                      0 0
21009200003080295201707280002  00000000068583902807170015000003080295-002 VIS 280717                               31071715201 0
2200920000BRUT:  000000000687120  COM:  000000000001281                                                                      0 0
21009300003080296201707280001  00000001419468102807170015000003080296-003 MAE 280717                               31071715201 0
2200930000BRUT:  000000014211671  COM:  000000000016990                                                                      0 0
21009400003080296201707280002  00000000079027202807170015000003080296-001 MC  280717                               31071715201 0
2200940000BRUT:  000000000791724  COM:  000000000001452                                                                      0 0
21009500003080296201707280003  00000000067448502807170015000003080296-002 VIS 280717                               31071715201 0
2200950000BRUT:  000000000675960  COM:  000000000001475                                                                      0 0
21009600003080297201707280001  00000000629336302807170015000003080297-003 MAE 280717                               31071715201 0
2200960000BRUT:  000000006300957  COM:  000000000007594                                                                      0 0
21009700003080297201707280002  00000000024573502807170015000003080297-001 MC  280717                               31071715201 0
2200970000BRUT:  000000000246102  COM:  000000000000367                                                                      0 0
21009800003080297201707280003  00000000018589002807170015000003080297-002 VIS 280717                               31071715201 0
2200980000BRUT:  000000000186153  COM:  000000000000263                                                                      0 0
21009900003080298201707280001  00000000931738602807170015000003080298-003 MAE 280717                               31071715201 0
2200990000BRUT:  000000009330133  COM:  000000000012747                                                                      0 0
21010000003080298201707280002  00000000035972202807170015000003080298-001 MC  280717                               31071715201 0
2201000000BRUT:  000000000360623  COM:  000000000000901                                                                      0 0
21010100003080298201707280003  00000000025530602807170015000003080298-002 VIS 280717                               31071715201 0
2201010000BRUT:  000000000255972  COM:  000000000000666                                                                      0 0
21010200003080300201707280001  00000000892670002807170015000003080300-003 MAE 280717                               31071715201 0
2201020000BRUT:  000000008937479  COM:  000000000010779                                                                      0 0
21010300003080300201707280002  00000000043142802807170015000003080300-001 MC  280717                               31071715201 0
2201030000BRUT:  000000000432210  COM:  000000000000782                                                                      0 0
21010400003080300201707280003  00000000038893702807170015000003080300-002 VIS 280717                               31071715201 0
2201040000BRUT:  000000000389700  COM:  000000000000763                                                                      0 0
21010500003080301201707280001  00000000684035302807170015000003080301-003 MAE 280717                               31071715201 0
2201050000BRUT:  000000006848530  COM:  000000000008177                                                                      0 0
21010600003080301201707280002  00000000023071102807170015000003080301-001 MC  280717                               31071715201 0
2201060000BRUT:  000000000231065  COM:  000000000000354                                                                      0 0
21010700003080301201707280003  00000000021268102807170015000003080301-002 VIS 280717                               31071715201 0
2201070000BRUT:  000000000213029  COM:  000000000000348                                                                      0 0
21010800003080302201707280001  00000000931447902807170015000003080302-003 MAE 280717                               31071715201 0
2201080000BRUT:  000000009325694  COM:  000000000011215                                                                      0 0
21010900003080302201707280002  00000000036176302807170015000003080302-001 MC  280717                               31071715201 0
2201090000BRUT:  000000000362418  COM:  000000000000655                                                                      0 0
21011000003080302201707280003  00000000045311002807170015000003080302-002 VIS 280717                               31071715201 0
2201100000BRUT:  000000000454006  COM:  000000000000896                                                                      0 0
21011100003080303201707290001  00000000654904302807170015000003080303-003 MAE 280717                               31071715201 0
2201110000BRUT:  000000006559157  COM:  000000000010114                                                                      0 0
21011200003080303201707280001  00000000036680102807170015000003080303-001 MC  280717                               31071715201 0
2201120000BRUT:  000000000367735  COM:  000000000000934                                                                      0 0
21011300003080303201707280002  00000000068402102807170015000003080303-002 VIS 280717                               31071715201 0
2201130000BRUT:  000000000686235  COM:  000000000002214                                                                      0 0
21011400003080304201707280001  00000000475970902807170015000003080304-003 MAE 280717                               31071715201 0
2201140000BRUT:  000000004765447  COM:  000000000005738                                                                      0 0
21011500003080304201707280002  00000000013806402807170015000003080304-001 MC  280717                               31071715201 0
2201150000BRUT:  000000000138352  COM:  000000000000288                                                                      0 0
21011600003080304201707280003  00000000024669802807170015000003080304-002 VIS 280717                               31071715201 0
2201160000BRUT:  000000000247098  COM:  000000000000400                                                                      0 0
21011700003080305201707290001  00000000881433402807170015000003080305-003 MAE 280717                               31071715201 0
2201170000BRUT:  000000008824880  COM:  000000000010546                                                                      0 0
21011800003080305201707280001  00000000020580102807170015000003080305-001 MC  280717                               31071715201 0
2201180000BRUT:  000000000206113  COM:  000000000000312                                                                      0 0
21011900003080305201707280002  00000000029555802807170015000003080305-002 VIS 280717                               31071715201 0
2201190000BRUT:  000000000296099  COM:  000000000000541                                                                      0 0
21012000003080306201707290001  00000000728977302807170015000003080306-003 MAE 280717                               31071715201 0
2201200000BRUT:  000000007298506  COM:  000000000008733                                                                      0 0
21012100003080306201707280001  00000000029728002807170015000003080306-001 MC  280717                               31071715201 0
2201210000BRUT:  000000000297748  COM:  000000000000468                                                                      0 0
21012200003080306201707280002  00000000032472002807170015000003080306-002 VIS 280717                               31071715201 0
2201220000BRUT:  000000000325296  COM:  000000000000576                                                                      0 0
21012300003080307201707280001  00000000912326802807170015000003080307-003 MAE 280717                               31071715201 0
2201230000BRUT:  000000009134331  COM:  000000000011063                                                                      0 0
21012400003080307201707280002  00000000028121102807170015000003080307-001 MC  280717                               31071715201 0
2201240000BRUT:  000000000281584  COM:  000000000000373                                                                      0 0
21012500003080307201707280003  00000000028099102807170015000003080307-002 VIS 280717                               31071715201 0
2201250000BRUT:  000000000281436  COM:  000000000000445                                                                      0 0
21012600003080308201707290001  00000001466662102807170015000003080308-003 MAE 280717                               31071715201 0
2201260000BRUT:  000000014684773  COM:  000000000018152                                                                      0 0
21012700003080308201707280001  00000000042062802807170015000003080308-001 MC  280717                               31071715201 0
2201270000BRUT:  000000000421302  COM:  000000000000674                                                                      0 0
21012800003080308201707280002  00000000057710202807170015000003080308-002 VIS 280717                               31071715201 0
2201280000BRUT:  000000000578673  COM:  000000000001571                                                                      0 0
21012900003080309201707280001  00000001176995202807170015000003080309-003 MAE 280717                               31071715201 0
2201290000BRUT:  000000011784184  COM:  000000000014232                                                                      0 0
21013000003080309201707280002  00000000067376102807170015000003080309-001 MC  280717                               31071715201 0
2201300000BRUT:  000000000675186  COM:  000000000001425                                                                      0 0
21013100003080309201707280003  00000000059147402807170015000003080309-002 VIS 280717                               31071715201 0
2201310000BRUT:  000000000592972  COM:  000000000001498                                                                      0 0
21013200003080322201707280001  00000000349288202807170015000003080322-003 MAE 280717                               31071715201 0
2201320000BRUT:  000000003497426  COM:  000000000004544                                                                      0 0
21013300003080322201707280002  00000000012146102807170015000003080322-001 MC  280717                               31071715201 0
2201330000BRUT:  000000000121905  COM:  000000000000444                                                                      0 0
21013400003080322201707280003  00000000013417702807170015000003080322-002 VIS 280717                               31071715201 0
2201340000BRUT:  000000000134687  COM:  000000000000510                                                                      0 0
21013500003080323201707280001  00000000290238802807170015000003080323-003 MAE 280717                               31071715201 0
2201350000BRUT:  000000002905872  COM:  000000000003484                                                                      0 0
21013600003080323201707280002  00000000006218502807170015000003080323-001 MC  280717                               31071715201 0
2201360000BRUT:  000000000062275  COM:  000000000000090                                                                      0 0
21013700003080323201707280003  00000000005709902807170015000003080323-002 VIS 280717                               31071715201 0
2201370000BRUT:  000000000057220  COM:  000000000000121                                                                      0 0
21013800003080324201707280001  00000000207069802807170015000003080324-003 MAE 280717                               31071715201 0
2201380000BRUT:  000000002073192  COM:  000000000002494                                                                      0 0
21013900003080324201707280002  00000000001219102807170015000003080324-001 MC  280717                               31071715201 0
2201390000BRUT:  000000000012206  COM:  000000000000015                                                                      0 0
21014000003080324201707280003  00000000006678702807170015000003080324-002 VIS 280717                               31071715201 0
2201400000BRUT:  000000000066866  COM:  000000000000079                                                                      0 0
21014100003080325201707290001  00000000647474002807170015000003080325-003 MAE 280717                               31071715201 0
2201410000BRUT:  000000006482451  COM:  000000000007711                                                                      0 0
21014200003080325201707280001  00000000017606702807170015000003080325-001 MC  280717                               31071715201 0
2201420000BRUT:  000000000176398  COM:  000000000000331                                                                      0 0
21014300003080325201707280002  00000000015374502807170015000003080325-002 VIS 280717                               31071715201 0
2201430000BRUT:  000000000154039  COM:  000000000000294                                                                      0 0
21014400003080326201707290001  00000000275983702807170015000003080326-003 MAE 280717                               31071715201 0
2201440000BRUT:  000000002763250  COM:  000000000003413                                                                      0 0
21014500003080326201707280001  00000000006002302807170015000003080326-001 MC  280717                               31071715201 0
2201450000BRUT:  000000000060142  COM:  000000000000119                                                                      0 0
21014600003080326201707280002  00000000003336102807170015000003080326-002 VIS 280717                               31071715201 0
2201460000BRUT:  000000000033411  COM:  000000000000050                                                                      0 0
21014700003080327201707280001  00000000295827802807170015000003080327-003 MAE 280717                               31071715201 0
2201470000BRUT:  000000002962082  COM:  000000000003804                                                                      0 0
21014800003080327201707280002  00000000003416602807170015000003080327-001 MC  280717                               31071715201 0
2201480000BRUT:  000000000034247  COM:  000000000000081                                                                      0 0
21014900003080327201707280003  00000000006192702807170015000003080327-002 VIS 280717                               31071715201 0
2201490000BRUT:  000000000062093  COM:  000000000000166                                                                      0 0
21015000003080328201707280001  00000000284383102807170015000003080328-003 MAE 280717                               31071715201 0
2201500000BRUT:  000000002847240  COM:  000000000003409                                                                      0 0
21015100003080328201707280002  00000000002151502807170015000003080328-001 MC  280717                               31071715201 0
2201510000BRUT:  000000000021558  COM:  000000000000043                                                                      0 0
21015200003080328201707280003  00000000006169402807170015000003080328-002 VIS 280717                               31071715201 0
2201520000BRUT:  000000000061783  COM:  000000000000089                                                                      0 0
21015300003080329201707280001  00000000626004602807170015000003080329-003 MAE 280717                               31071715201 0
2201530000BRUT:  000000006267687  COM:  000000000007641                                                                      0 0
21015400003080329201707280002  00000000009509202807170015000003080329-001 MC  280717                               31071715201 0
2201540000BRUT:  000000000095232  COM:  000000000000140                                                                      0 0
21015500003080329201707280003  00000000015260102807170015000003080329-002 VIS 280717                               31071715201 0
2201550000BRUT:  000000000152840  COM:  000000000000239                                                                      0 0
21015600003080330201707280001  00000000251578902807170015000003080330-003 MAE 280717                               31071715201 0
2201560000BRUT:  000000002518923  COM:  000000000003134                                                                      0 0
21015700003080330201707280002  00000000011150802807170015000003080330-001 MC  280717                               31071715201 0
2201570000BRUT:  000000000111744  COM:  000000000000236                                                                      0 0
21015800003080330201707280003  00000000009262502807170015000003080330-002 VIS 280717                               31071715201 0
2201580000BRUT:  000000000092845  COM:  000000000000220                                                                      0 0
21015900003080331201707280001  00000000285360602807170015000003080331-003 MAE 280717                               31071715201 0
2201590000BRUT:  000000002857170  COM:  000000000003564                                                                      0 0
21016000003080331201707280002  00000000016528102807170015000003080331-001 MC  280717                               31071715201 0
2201600000BRUT:  000000000165904  COM:  000000000000623                                                                      0 0
21016100003080331201707280003  00000000025561302807170015000003080331-002 VIS 280717                               31071715201 0
2201610000BRUT:  000000000256799  COM:  000000000001186                                                                      0 0
21016200003080332201707280001  00000000316274202807170015000003080332-003 MAE 280717                               31071715201 0
2201620000BRUT:  000000003166578  COM:  000000000003836                                                                      0 0
21016300003080332201707280002  00000000015135902807170015000003080332-001 MC  280717                               31071715201 0
2201630000BRUT:  000000000151667  COM:  000000000000308                                                                      0 0
21016400003080332201707280003  00000000016692302807170015000003080332-002 VIS 280717                               31071715201 0
2201640000BRUT:  000000000167463  COM:  000000000000540                                                                      0 0
21016500003080333201707280001  00000000272438102807170015000003080333-003 MAE 280717                               31071715201 0
2201650000BRUT:  000000002727802  COM:  000000000003421                                                                      0 0
21016600003080333201707280002  00000000003914002807170015000003080333-001 MC  280717                               31071715201 0
2201660000BRUT:  000000000039243  COM:  000000000000103                                                                      0 0
21016700003080333201707280003  00000000002850602807170015000003080333-002 VIS 280717                               31071715201 0
2201670000BRUT:  000000000028619  COM:  000000000000113                                                                      0 0
21016800003080335201707280001  00000000433315702807170015000003080335-003 MAE 280717                               31071715201 0
2201680000BRUT:  000000004338321  COM:  000000000005164                                                                      0 0
21016900003080335201707280002  00000000016238902807170015000003080335-001 MC  280717                               31071715201 0
2201690000BRUT:  000000000162665  COM:  000000000000276                                                                      0 0
21017000003080335201707280003  00000000016864602807170015000003080335-002 VIS 280717                               31071715201 0
2201700000BRUT:  000000000168963  COM:  000000000000317                                                                      0 0
21017100003080336201707280001  00000000352992702807170015000003080336-003 MAE 280717                               31071715201 0
2201710000BRUT:  000000003534217  COM:  000000000004290                                                                      0 0
21017200003080336201707280002  00000000037959202807170015000003080336-001 MC  280717                               31071715201 0
2201720000BRUT:  000000000380568  COM:  000000000000976                                                                      0 0
21017300003080336201707280003  00000000031985702807170015000003080336-002 VIS 280717                               31071715201 0
2201730000BRUT:  000000000321010  COM:  000000000001153                                                                      0 0
21017400003080337201707280001  00000000241892402807170015000003080337-003 MAE 280717                               31071715201 0
2201740000BRUT:  000000002421909  COM:  000000000002985                                                                      0 0
21017500003080337201707280002  00000000008540202807170015000003080337-001 MC  280717                               31071715201 0
2201750000BRUT:  000000000085616  COM:  000000000000214                                                                      0 0
21017600003080337201707280003  00000000009836802807170015000003080337-002 VIS 280717                               31071715201 0
2201760000BRUT:  000000000098678  COM:  000000000000310                                                                      0 0
21017700003080338201707290001  00000000273945102807170015000003080338-003 MAE 280717                               31071715201 0
2201770000BRUT:  000000002742734  COM:  000000000003283                                                                      0 0
21017800003080338201707280001  00000000009073502807170015000003080338-001 MC  280717                               31071715201 0
2201780000BRUT:  000000000090921  COM:  000000000000186                                                                      0 0
21017900003080338201707280002  00000000010655402807170015000003080338-002 VIS 280717                               31071715201 0
2201790000BRUT:  000000000106797  COM:  000000000000243                                                                      0 0
21018000003080339201707280001  00000000281109302807170015000003080339-003 MAE 280717                               31071715201 0
2201800000BRUT:  000000002814521  COM:  000000000003428                                                                      0 0
21018100003080339201707280002  00000000008620402807170015000003080339-001 MC  280717                               31071715201 0
2201810000BRUT:  000000000086416  COM:  000000000000212                                                                      0 0
21018200003080339201707280003  00000000022089502807170015000003080339-002 VIS 280717                               31071715201 0
2201820000BRUT:  000000000221488  COM:  000000000000593                                                                      0 0
21018300003080340201707280001  00000000284875202807170015000003080340-003 MAE 280717                               31071715201 0
2201830000BRUT:  000000002852211  COM:  000000000003459                                                                      0 0
21018400003080340201707280002  00000000008417502807170015000003080340-001 MC  280717                               31071715201 0
2201840000BRUT:  000000000084329  COM:  000000000000154                                                                      0 0
21018500003080340201707280003  00000000005160002807170015000003080340-002 VIS 280717                               31071715201 0
2201850000BRUT:  000000000051719  COM:  000000000000119                                                                      0 0
21018600003080341201707280001  00000000418795402807170015000003080341-003 MAE 280717                               31071715201 0
2201860000BRUT:  000000004193055  COM:  000000000005101                                                                      0 0
21018700003080341201707280002  00000000012048902807170015000003080341-001 MC  280717                               31071715201 0
2201870000BRUT:  000000000120681  COM:  000000000000192                                                                      0 0
21018800003080341201707280003  00000000010418402807170015000003080341-002 VIS 280717                               31071715201 0
2201880000BRUT:  000000000104365  COM:  000000000000181                                                                      0 0
21018900003080416201707280001  00000000330386002807170015000003080416-003 MAE 280717                               31071715201 0
2201890000BRUT:  000000003307843  COM:  000000000003983                                                                      0 0
21019000003080416201707280002  00000000013133802807170015000003080416-001 MC  280717                               31071715201 0
2201900000BRUT:  000000000131565  COM:  000000000000227                                                                      0 0
21019100003080416201707280003  00000000015160802807170015000003080416-002 VIS 280717                               31071715201 0
2201910000BRUT:  000000000151808  COM:  000000000000200                                                                      0 0
21019200003080417201707290001  00000000232531802807170015000003080417-003 MAE 280717                               31071715201 0
2201920000BRUT:  000000002328373  COM:  000000000003055                                                                      0 0
21019300003080417201707280001  00000000005090402807170015000003080417-001 MC  280717                               31071715201 0
2201930000BRUT:  000000000051040  COM:  000000000000136                                                                      0 0
21019400003080417201707280002  00000000009686102807170015000003080417-002 VIS 280717                               31071715201 0
2201940000BRUT:  000000000097247  COM:  000000000000386                                                                      0 0
21019500003080418201707280001  00000000636187102807170015000003080418-003 MAE 280717                               31071715201 0
2201950000BRUT:  000000006369544  COM:  000000000007673                                                                      0 0
21019600003080418201707280002  00000000015999602807170015000003080418-001 MC  280717                               31071715201 0
2201960000BRUT:  000000000160195  COM:  000000000000199                                                                      0 0
21019700003080418201707280003  00000000019026202807170015000003080418-002 VIS 280717                               31071715201 0
2201970000BRUT:  000000000190582  COM:  000000000000320                                                                      0 0
21019800003080419201707280001  00000000251437902807170015000003080419-003 MAE 280717                               31071715201 0
2201980000BRUT:  000000002517457  COM:  000000000003078                                                                      0 0
21019900003080419201707280002  00000000006847602807170015000003080419-001 MC  280717                               31071715201 0
2201990000BRUT:  000000000068567  COM:  000000000000091                                                                      0 0
21020000003080419201707280003  00000000007920402807170015000003080419-002 VIS 280717                               31071715201 0
2202000000BRUT:  000000000079360  COM:  000000000000156                                                                      0 0
21020100003080420201707280001  00000000317215702807170015000003080420-003 MAE 280717                               31071715201 0
2202010000BRUT:  000000003176020  COM:  000000000003863                                                                      0 0
21020200003080420201707280002  00000000009459502807170015000003080420-001 MC  280717                               31071715201 0
2202020000BRUT:  000000000094743  COM:  000000000000148                                                                      0 0
21020300003080420201707280003  00000000007982002807170015000003080420-002 VIS 280717                               31071715201 0
2202030000BRUT:  000000000079972  COM:  000000000000152                                                                      0 0
21020400003080421201707280001  00000000247850202807170015000003080421-003 MAE 280717                               31071715201 0
2202040000BRUT:  000000002481473  COM:  000000000002971                                                                      0 0
21020500003080421201707280002  00000000007902902807170015000003080421-001 MC  280717                               31071715201 0
2202050000BRUT:  000000000079145  COM:  000000000000116                                                                      0 0
21020600003080421201707280003  00000000013677002807170015000003080421-002 VIS 280717                               31071715201 0
2202060000BRUT:  000000000137102  COM:  000000000000332                                                                      0 0
21020700003080422201707280001  00000000493348102807170015000003080422-003 MAE 280717                               31071715201 0
2202070000BRUT:  000000004939505  COM:  000000000006024                                                                      0 0
21020800003080422201707280002  00000000011453902807170015000003080422-001 MC  280717                               31071715201 0
2202080000BRUT:  000000000114683  COM:  000000000000144                                                                      0 0
21020900003080422201707280003  00000000013163402807170015000003080422-002 VIS 280717                               31071715201 0
2202090000BRUT:  000000000131901  COM:  000000000000267                                                                      0 0
21021000003080423201707280001  00000000311934402807170015000003080423-003 MAE 280717                               31071715201 0
2202100000BRUT:  000000003123180  COM:  000000000003836                                                                      0 0
21021100003080423201707280002  00000000009653602807170015000003080423-001 MC  280717                               31071715201 0
2202110000BRUT:  000000000096730  COM:  000000000000194                                                                      0 0
21021200003080423201707280003  00000000012595102807170015000003080423-002 VIS 280717                               31071715201 0
2202120000BRUT:  000000000126156  COM:  000000000000205                                                                      0 0
21021300003080424201707280001  00000000509294002807170015000003080424-003 MAE 280717                               31071715201 0
2202130000BRUT:  000000005099033  COM:  000000000006093                                                                      0 0
21021400003080424201707280002  00000000009239102807170015000003080424-001 MC  280717                               31071715201 0
2202140000BRUT:  000000000092517  COM:  000000000000126                                                                      0 0
21021500003080424201707280003  00000000006887802807170015000003080424-002 VIS 280717                               31071715201 0
2202150000BRUT:  000000000069005  COM:  000000000000127                                                                      0 0
21021600003080425201707280001  00000000373607902807170015000003080425-003 MAE 280717                               31071715201 0
2202160000BRUT:  000000003740733  COM:  000000000004654                                                                      0 0
21021700003080425201707280002  00000000014237802807170015000003080425-001 MC  280717                               31071715201 0
2202170000BRUT:  000000000142577  COM:  000000000000199                                                                      0 0
21021800003080425201707280003  00000000004807302807170015000003080425-002 VIS 280717                               31071715201 0
2202180000BRUT:  000000000048157  COM:  000000000000084                                                                      0 0
21021900003080426201707280001  00000000002990402707170015000003080426-003 MAE 270717                               31071715201 0
2202190000BRUT:  000000000029938  COM:  000000000000034                                                                      0 0
21022000003080426201707280002  00000000477235402807170015000003080426-003 MAE 280717                               31071715201 0
2202200000BRUT:  000000004778108  COM:  000000000005754                                                                      0 0
21022100003080426201707280003  00000000025844302807170015000003080426-001 MC  280717                               31071715201 0
2202210000BRUT:  000000000258774  COM:  000000000000331                                                                      0 0
21022200003080426201707280004  00000000013581502807170015000003080426-002 VIS 280717                               31071715201 0
2202220000BRUT:  000000000136131  COM:  000000000000316                                                                      0 0
21022300003080427201707280001  00000000394909602807170015000003080427-003 MAE 280717                               31071715201 0
2202230000BRUT:  000000003954064  COM:  000000000004968                                                                      0 0
21022400003080427201707280002  00000000009866102807170015000003080427-001 MC  280717                               31071715201 0
2202240000BRUT:  000000000098834  COM:  000000000000173                                                                      0 0
21022500003080427201707280003  00000000007168802807170015000003080427-002 VIS 280717                               31071715201 0
2202250000BRUT:  000000000071805  COM:  000000000000117                                                                      0 0
21022600003080428201707280001  00000000203141802807170015000003080428-003 MAE 280717                               31071715201 0
2202260000BRUT:  000000002033904  COM:  000000000002486                                                                      0 0
21022700003080428201707280002  00000000003722602807170015000003080428-001 MC  280717                               31071715201 0
2202270000BRUT:  000000000037351  COM:  000000000000125                                                                      0 0
21022800003080428201707280003  00000000003699902807170015000003080428-002 VIS 280717                               31071715201 0
2202280000BRUT:  000000000037155  COM:  000000000000156                                                                      0 0
21022900003080429201707280001  00000000167159602807170015000003080429-003 MAE 280717                               31071715201 0
2202290000BRUT:  000000001673590  COM:  000000000001994                                                                      0 0
21023000003080429201707280002  00000000017057202807170015000003080429-001 MC  280717                               31071715201 0
2202300000BRUT:  000000000171288  COM:  000000000000716                                                                      0 0
21023100003080429201707280003  00000000042471802807170015000003080429-002 VIS 280717                               31071715201 0
2202310000BRUT:  000000000426955  COM:  000000000002237                                                                      0 0
21023200003080430201707280001  00000000562009902807170015000003080430-003 MAE 280717                               31071715201 0
2202320000BRUT:  000000005627156  COM:  000000000007057                                                                      0 0
21023300003080430201707280002  00000000038996102807170015000003080430-001 MC  280717                               31071715201 0
2202330000BRUT:  000000000390745  COM:  000000000000784                                                                      0 0
21023400003080430201707280003  00000000025073802807170015000003080430-002 VIS 280717                               31071715201 0
2202340000BRUT:  000000000251483  COM:  000000000000745                                                                      0 0
21023500003080431201707290001  00000000531343902807170015000003080431-003 MAE 280717                               31071715201 0
2202350000BRUT:  000000005319895  COM:  000000000006456                                                                      0 0
21023600003080431201707280001  00000000029825602807170015000003080431-001 MC  280717                               31071715201 0
2202360000BRUT:  000000000298699  COM:  000000000000443                                                                      0 0
21023700003080431201707280002  00000000032568802807170015000003080431-002 VIS 280717                               31071715201 0
2202370000BRUT:  000000000326434  COM:  000000000000746                                                                      0 0
21023800003080432201707280001  00000000235163902807170015000003080432-003 MAE 280717                               31071715201 0
2202380000BRUT:  000000002354549  COM:  000000000002910                                                                      0 0
21023900003080432201707280002  00000000015423602807170015000003080432-001 MC  280717                               31071715201 0
2202390000BRUT:  000000000154962  COM:  000000000000726                                                                      0 0
21024000003080432201707280003  00000000021599402807170015000003080432-002 VIS 280717                               31071715201 0
2202400000BRUT:  000000000217167  COM:  000000000001173                                                                      0 0
21024100003080433201707280001  00000000169945602807170015000003080433-003 MAE 280717                               31071715201 0
2202410000BRUT:  000000001701575  COM:  000000000002119                                                                      0 0
21024200003080433201707280002  00000000005817002807170015000003080433-001 MC  280717                               31071715201 0
2202420000BRUT:  000000000058348  COM:  000000000000178                                                                      0 0
21024300003080433201707280003  00000000003893802807170015000003080433-002 VIS 280717                               31071715201 0
2202430000BRUT:  000000000039046  COM:  000000000000108                                                                      0 0
8152001804406730 EUR BE   0030000        0000000000000000290717                                                                0
9               000488000006007243160000006007243160                                                                           2
0000029071700005        46390589  ROB SA                    GEBABEBB   00402824964 00000                                       2
10099001805448165 EUR BE   0030000        0000000000000000280717ROB SA                                                       099
2100010000                     1000000086146530280717001170000VIREMENT  BE18001805448165CENTRALISATION FINANCIERE  31071709901 0
2300010000310152348185                                                                                                       0 0
21000200003080087201707280001  00000000712631102807170015000003080087-003 MAE 280717                               31071709901 0
2200020000BRUT:  000000007134871  COM:  000000000008560                                                                      0 0
21000300003080087201707280002  00000000065753502807170015000003080087-001 MC  280717                               31071709901 0
2200030000BRUT:  000000000658598  COM:  000000000001063                                                                      0 0
21000400003080087201707280003  00000000083080702807170015000003080087-002 VIS 280717                               31071709901 0
2200040000BRUT:  000000000832453  COM:  000000000001646                                                                      0 0
8099001805448165 EUR BE   0030000        0000000000000000290717                                                                0
9               000010000000086146530000000086146530                                                                           2
0000029071700005        46390589  ORTHROS SA                BBRUBEBB   0448826720  00000                                       2
10040363075527775 EUR BE   0030000        0000000000000000280717ORTHROS SA                                                   040
2100010000                     1000000005672930280717001170000VIREMENT  BE05363075527775CENTRALISATION FINANCIERE  31071704001 0
2300010000310152348185                                                                                                       0 0
21000200003080524201707280001  00000000054610102807170015000003080524-003 MAE 280717                               31071704001 0
2200020000BRUT:  000000000546862  COM:  000000000000761                                                                      0 0
21000300003080524201707280002  00000000000796202807170015000003080524-001 MC  280717                               31071704001 0
2200030000BRUT:  000000000008023  COM:  000000000000061                                                                      0 0
21000400003080524201707280003  00000000001323002807170015000003080524-002 VIS 280717                               31071704001 0
2200040000BRUT:  000000000013321  COM:  000000000000091                                                                      0 0
8040363075527775 EUR BE   0030000        0000000000000000290717                                                                0
9               000010000000005672930000000005672930                                                                           2
0000029071700005        46390589  CARUM NV                  KREDBEBB   16676267    00000                                       2
10016408050392171 EUR BE   0030000        0000000000000000280717CARUM NV                                                     016
2100010000                     1000000005883520280717001170000VIREMENT  BE49408050392171CENTRALISATION FINANCIERE  31071701601 0
2300010000310152348185                                                                                                       0 0
21000200003080525201707280001  00000000057349502807170015000003080525-003 MAE 280717                               31071701601 0
2200020000BRUT:  000000000574211  COM:  000000000000716                                                                      0 0
21000300003080525201707280002  00000000000291802807170015000003080525-001 MC  280717                               31071701601 0
2200030000BRUT:  000000000002933  COM:  000000000000015                                                                      0 0
21000400003080525201707280003  00000000001193902807170015000003080525-002 VIS 280717                               31071701601 0
2200040000BRUT:  000000000011959  COM:  000000000000020                                                                      0 0
8016408050392171 EUR BE   0030000        0000000000000000290717                                                                0
9               000010000000005883520000000005883520                                                                           2
0000029071700005        46390589  CARREFOUR BELGIUM SA      BBRUBEBB   00448826918 00000                                       2
10161375101331535 EUR BE   0030000        0000000000000000280717CARREFOUR BELGIUM SA                                         161
2100010000                     1000000015106140290717001170000VIREMENT  BE57375101331535CENTRALISATION FINANCIERE  31071716101 0
2300010000310152348185                                                                                                       0 0
21000200002705427201707290001  00000000059007802807170015000002705427-003 MAE 280717                               31071716101 0
2200020000BRUT:  000000000590781  COM:  000000000000703                                                                      0 0
21000300002705427201707290002  00000000046655202807170015000002705427-001 MC  280717                               31071716101 0
2200030000BRUT:  000000000467157  COM:  000000000000605                                                                      0 0
21000400002705427201707290003  00000000037627802807170015000002705427-002 VIS 280717                               31071716101 0
2200040000BRUT:  000000000376867  COM:  000000000000589                                                                      0 0
21000500003080185201707280001  00000000002696702707170015000003080185-003 MAE 270717                               31071716101 0
2200050000BRUT:  000000000027000  COM:  000000000000033                                                                      0 0
21000600003080185201707280002  00000000000599302707170015000003080185-001 MC  270717                               31071716101 0
2200060000BRUT:  000000000006000  COM:  000000000000007                                                                      0 0
21000700003080185201707280003  00000000000878902707170015000003080185-002 VIS 270717                               31071716101 0
2200070000BRUT:  000000000008800  COM:  000000000000011                                                                      0 0
21000800003080185201707280004  00000000000799002807170015000003080185-003 MAE 280717                               31071716101 0
2200080000BRUT:  000000000008000  COM:  000000000000010                                                                      0 0
21000900003080185201707280005  00000000000399502807170015000003080185-001 MC  280717                               31071716101 0
2200090000BRUT:  000000000004000  COM:  000000000000005                                                                      0 0
21001000003080185201707280006  00000000002397202807170015000003080185-002 VIS 280717                               31071716101 0
2200100000BRUT:  000000000024000  COM:  000000000000028                                                                      0 0
2100110000                     0000000000291990290717001660000VIREMENT  BE57375101331535CENTRALISATION FINANCIERE  31071716101 0
2300110000310152348185                                                                                                       0 0
21001200002705427201707290001  10000000002219902807170015000002705427-003 MAE 280717                               31071716101 0
2200120000BRUT:  000000000022199  COM:  000000000000000                                                                      0 0
21001300003080185201707280001  10000000000300002807170015000003080185-003 MAE 280717                               31071716101 0
2200130000BRUT:  000000000003000  COM:  000000000000000                                                                      0 0
21001400003080185201707280002  10000000000400002807170015000003080185-001 MC  280717                               31071716101 0
2200140000BRUT:  000000000004000  COM:  000000000000000                                                                      0 0
8161375101331535 EUR BE   0030000        0000000000000000290717                                                                0
9               000030000000014814150000000014814150                                                                           2
0000029071700005        46390589  CARREFOUR DRIVE 2 SPRL    BBRUBEBB   00539931494 00000                                       2
10134363037127091 EUR BE   0030000        0000000000000000280717CARREFOUR DRIVE 2 SPRL                                       134
2100010000                     1000000002739090290717001170000VIREMENT  BE23363037127091CENTRALISATION FINANCIERE  31071713401 0
2300010000310152348185                                                                                                       0 0
21000200002705733201707290001  00000000002367002407170015000002705733-003 MAE 240717                               31071713401 0
2200020000BRUT:  000000000023698  COM:  000000000000028                                                                      0 0
21000300002705733201707290002  00000000000890402507170015000002705733-002 VIS 250717                               31071713401 0
2200030000BRUT:  000000000008915  COM:  000000000000011                                                                      0 0
21000400002705733201707290003  00000000003693102607170015000002705733-003 MAE 260717                               31071713401 0
2200040000BRUT:  000000000036975  COM:  000000000000044                                                                      0 0
21000500002705733201707290004  00000000013041102707170015000002705733-003 MAE 270717                               31071713401 0
2200050000BRUT:  000000000130566  COM:  000000000000155                                                                      0 0
21000600002705733201707290005  00000000002882802707170015000002705733-001 MC  270717                               31071713401 0
2200060000BRUT:  000000000028892  COM:  000000000000064                                                                      0 0
21000700002705733201707290006  00000000004516502707170015000002705733-002 VIS 270717                               31071713401 0
2200070000BRUT:  000000000045219  COM:  000000000000054                                                                      0 0
8134363037127091 EUR BE   0030000        0000000000000000290717                                                                0
9               000016000000002739090000000002739090                                                                           2
